<record xmlns="http://www.loc.gov/MARC21/slim" xmlns:xsi="http://www.w3.org/2001/XMLSchema-instance" xsi:schemaLocation="http://www.loc.gov/MARC21/slim http://www.loc.gov/standards/marcxml/schema/MARC21slim.xsd"><leader>01649nam a2200361   4500</leader><controlfield tag="001">002049858</controlfield><controlfield tag="003">NNU</controlfield><controlfield tag="006">m        d        </controlfield><controlfield tag="007">cr cn |||m|||a</controlfield><controlfield tag="008">140707s1923    le      o     000 0 ara d</controlfield><datafield ind1=" " ind2=" " tag="040"><subfield code="a">NNU</subfield><subfield code="b">eng</subfield><subfield code="c">NNU</subfield></datafield><datafield ind1="1" ind2=" " tag="041"><subfield code="a">ara</subfield><subfield code="h">per</subfield></datafield><datafield ind1="0" ind2=" " tag="130"><subfield code="a">Kal&#299;lah wa-Dimnah.</subfield></datafield><datafield ind1="1" ind2="0" tag="245"><subfield code="a">Aqdam nuskhah makh&#7789;&#363;&#7789;ah mu&#700;arrakhah li-kit&#257;b Kal&#299;lah wa-Dimnah</subfield><subfield code="h">[electronic resource] /</subfield><subfield code="c">&#699;uniya bi-nashrih&#257; L&#363;w&#299;s Shaykh&#363;.</subfield></datafield><datafield ind1=" " ind2=" " tag="250"><subfield code="a">&#7788;ab&#699;ah 2., mu&#7779;a&#7717;&#7717;a&#7717;ah.</subfield></datafield><datafield ind1=" " ind2=" " tag="260"><subfield code="a">Beirut:</subfield><subfield code="b">Imprimerie catholique,</subfield><subfield code="c">1923.</subfield></datafield><datafield ind1=" " ind2=" " tag="300"><subfield code="a">online resource (290, 76 p.)</subfield></datafield><datafield ind1=" " ind2=" " tag="500"><subfield code="a">Text in Arabic; preface and notes in French.</subfield></datafield><datafield ind1=" " ind2=" " tag="500"><subfield code="a">Translated from Persian by Ibn al-Muqaffa&#699;.</subfield></datafield><datafield ind1=" " ind2=" " tag="500"><subfield code="a">Title on added t.p. La version arabe de Kal&#238;lah et Dimnah.</subfield></datafield><datafield ind1=" " ind2=" " tag="500"><subfield code="a">"Accompagn&#233;e par Zu Kalila wa Dimna von Theodor N&#246;ldeke, ein kritischer Beitrag."</subfield></datafield><datafield ind1=" " ind2=" " tag="500"><subfield code="a">Part of the Arabic Collections Online (ACO) project, contributed by New York Univeristy Libraries.</subfield></datafield><datafield ind1=" " ind2=" " tag="533"><subfield code="a">Electronic reproduction.</subfield><subfield code="b">New York, N.Y. :</subfield><subfield code="c">New York University,</subfield><subfield code="d">2014.</subfield><subfield code="5">NNU</subfield></datafield><datafield ind1="0" ind2="0" tag="630"><subfield code="a">Kal&#299;lah wa-Dimnah.</subfield></datafield><datafield ind1="1" ind2="2" tag="700"><subfield code="a">N&#246;ldeke, Theodor,</subfield><subfield code="d">1836-1930.</subfield><subfield code="t">Kal&#299;la waDimna.</subfield><subfield code="f">1981.</subfield></datafield><datafield ind1="0" ind2=" " tag="700"><subfield code="a">Ibn al-Muqaffa&#699;,</subfield><subfield code="d">d. ca. 760.</subfield></datafield><datafield ind1="1" ind2=" " tag="700"><subfield code="a">Cheikho, Louis,</subfield><subfield code="d">1859-1927.</subfield></datafield><datafield ind1="2" ind2=" " tag="710"><subfield code="a">New York University.</subfield><subfield code="b">Libraries.</subfield></datafield><datafield ind1="0" ind2=" " tag="730"><subfield code="a">Arabic Collections Online.</subfield></datafield><datafield ind1="0" ind2=" " tag="740"><subfield code="a">Version arabe de Kal&#238;lah et Dimnah.</subfield></datafield><datafield ind1="0" ind2="8" tag="776"><subfield code="i">Print version:</subfield><subfield code="t">Aqdam nuskhah makh&#7789;&#363;&#7789;ah mu&#700;arrakhah li-kit&#257;b Kal&#299;lah wa-Dimnah</subfield><subfield code="w">(NNU)002049858</subfield></datafield><datafield ind1="4" ind2="0" tag="856"><subfield code="u">http://hdl.handle.net/2333.1/vhhmgsjz</subfield></datafield><datafield ind1=" " ind2=" " tag="959"><subfield code="a">NNU</subfield><subfield code="b">WEB</subfield><subfield code="c">GENI</subfield><subfield code="t">0</subfield><subfield code="m">Electronic access</subfield><subfield code="s">01</subfield></datafield></record>